@PROCEEDINGS{MARVEL,
	author       = "E. Gundogdu and B. Solmaz and V. Yucesoy and A. Koc",
	title        = "Marvel: A Large-Scale Image Dataset for Maritime Vessels",
	year         = "2016",
	organization = "Asian Conference on Computer Vision (ACCV)"
}

@article{MVDTHME,
	author       = "D. Duarte and M. Pereira and A. Pinto",
	title        = "Multiple Vessel Detection and Tracking in Harsh Maritime Environments",
	year         = "2023",
	organization = "Faculty of Engineering - University of Porto (FEUP)"
}

@dataset{SINGAPORE,
	author 		 = "D. K. Prasad and D. Rajan and L. Rachmawati and E. Rajabaly and C. Quek",
	title 		 = "Video Processing from Electro-optical Sensors for Object Detection and Tracking in Maritime Environment: A Survey",
	year 		 = "2017",
	organization = "IEEE Transactions on Intelligent Transportation Systems (IEEE)",
}

@article{DEEPSORT,
  author       = "Nicolai Wojke and  Alex Bewley and Dietrich Paulus",
  title        = "Simple Online and Realtime Tracking with a Deep Association Metric",
  journal      = "CoRR",
  volume       = "abs/1703.07402",
  year         = "2017",
  url          = "http://arxiv.org/abs/1703.07402",
  eprinttype   = "arXiv",
  eprint       = "1703.07402",
  timestamp    = "Mon, 13 Aug 2018 16:47:39 +0200",
  biburl       = "https://dblp.org/rec/journals/corr/WojkeBP17.bib",
  bibsource    = "dblp computer science bibliography, https://dblp.org"
}

@book{TRANSFERLEARNING,
   title =     "Introduction to Transfer Learning: Algorithms and Practice",
   author =    "Jindong Wang, Yiqiang Chen",
   publisher = "Springer",
   isbn =      "9811975833; 9789811975837",
   year =      "2023",
   series =    "Machine Learning: Foundations, Methodologies, and Applications"
}
